@Comment{*********************************************************************************}
@Comment{ Las plantillas de libros, articulos, articulos de
congresos, reposrtes, miscelaneos se  } @Comment{ consiguen en
Winedt en Insert/Bibtex Items/ el tipo deseado } @Comment{}
@Comment{*********************************************************************************}

@STRING{sv     = "Springer-Verlag"} @STRING{prh   =
"Prentice-Hall"} @STRING{awl   = "Addison Wesley Longman"}